<collection xmlns="http://www.loc.gov/MARC21/slim">
<record>
  <leader>01309nam0a22002411i 450 </leader>
  <controlfield tag="001">IT\ICCU\CNCE\070841</controlfield>
  <controlfield tag="005">20070606000000.0</controlfield>
  <datafield tag="012" ind1=" " ind2=" ">
    <subfield code="a">ser- n-or .1.2 a.a. (3) 1552 (R)</subfield>
    <subfield code="2">fei</subfield>
  </datafield>
  <datafield tag="100" ind1=" " ind2=" ">
    <subfield code="a">20070606d1552        0itac0103    ba</subfield>
  </datafield>
  <datafield tag="101" ind1=" " ind2=" ">
    <subfield code="a">LAT</subfield>
  </datafield>
  <datafield tag="102" ind1=" " ind2=" ">
    <subfield code="a">IT</subfield>
  </datafield>
  <datafield tag="200" ind1="1" ind2=" ">
    <subfield code="a">Aeliani De militaribus ordinibus instituendis more Graecorum liber a Francisco Robortello Vtensi in Latinum sermonem uersus, &amp; ab eodem picturis quam plurims illustratus</subfield>
  </datafield>
  <datafield tag="210" ind1=" " ind2=" ">
    <subfield code="a">Venetiis</subfield>
    <subfield code="d">1552</subfield>
    <subfield code="e">Impressum  Venetiis apud Andream</subfield>
    <subfield code="h">&amp; Iacobum Spinellos</subfield>
  </datafield>
  <datafield tag="215" ind1=" " ind2=" ">
    <subfield code="a">\8!, 77, \1!, \2!, \12! p.</subfield>
    <subfield code="c">ill.</subfield>
    <subfield code="d">4́ʻ</subfield>
  </datafield>
  <datafield tag="300" ind1=" " ind2=" ">
    <subfield code="a">ANNULLATA  !!!!!  vedi 320Cors.; rom. -  Segn.. \ast!4 A-G/4 1H I-K/4  A-C/4(L&apos;ultima c. bianca). -  Front. entro cornice architettonica. -  Iniziale xilogr. -  Pagine di Illustrazioni xilogr. di schieramenti militari</subfield>
  </datafield>
  <datafield tag="620" ind1=" " ind2=" ">
    <subfield code="a">IT</subfield>
    <subfield code="d">Venezia</subfield>
  </datafield>
  <datafield tag="700" ind1=" " ind2="0">
    <subfield code="a">Aelianus</subfield>
    <subfield code="c"> : Tacticus</subfield>
    <subfield code="3">IT\ICCU\CNCA\000468</subfield>
  </datafield>
  <datafield tag="702" ind1=" " ind2="1">
    <subfield code="a">Robortello,</subfield>
    <subfield code="b">Francesco</subfield>
    <subfield code="3">IT\ICCU\CNCA\000039</subfield>
  </datafield>
  <datafield tag="712" ind1="0" ind2="0">
    <subfield code="a">Spinelli, Andrea &amp; Spinelli, Giacomo</subfield>
    <subfield code="3">IT\ICCU\CNCT\000190</subfield>
    <subfield code="4">650</subfield>
  </datafield>
  <datafield tag="790" ind1=" " ind2="1">
    <subfield code="a">Robertello,</subfield>
    <subfield code="b">Francesco</subfield>
    <subfield code="3">IT\ICCU\CNCA\023663</subfield>
    <subfield code="z">Robortello, Francesco</subfield>
  </datafield>
  <datafield tag="791" ind1="0" ind2="0">
    <subfield code="a">Spinelli, Giacomo</subfield>
    <subfield code="3">IT\ICCU\CNCT\000191</subfield>
    <subfield code="z">Spinelli, Andrea &amp; Spinelli, Giacomo</subfield>
  </datafield>
  <datafield tag="801" ind1=" " ind2="3">
    <subfield code="a">IT</subfield>
    <subfield code="b">ICCU</subfield>
    <subfield code="c">20201115</subfield>
  </datafield>
  <datafield tag="899" ind1=" " ind2=" ">
    <subfield code="a">Biblioteca regionale universitaria. Catania</subfield>
    <subfield code="1">CT0062</subfield>
    <subfield code="2">PAL BC</subfield>
  </datafield>
</record>
</collection>
